
@inproceedings{metzger2016gamesframes,
	author = {Metzger, Florian and Rafetseder, Albert and Schwartz, Christian and Hoßfeld, Tobias},
	title = {Games and Frames: A Strange Tale of QoE Studies},
	booktitle = {Proceedings of the 8th International Conference on Quality of Multimedia Experience},
	series = {QoMEX 2016},
	year = {2016},
	month = {June}
}

@inproceedings{Ivkovic:2015:QMN:2702123.2702432,
	author = {Ivkovic, Zenja and Stavness, Ian and Gutwin, Carl and Sutcliffe, Steven},
	title = {Quantifying and Mitigating the Negative Effects of Local Latencies on Aiming in 3D Shooter Games},
	booktitle = {Proceedings of the 33rd Annual ACM Conference on Human Factors in Computing Systems},
	series = {CHI '15},
	year = {2015},
	isbn = {978-1-4503-3145-6},
	location = {Seoul, Republic of Korea},
	pages = {135--144},
	numpages = {10},
	url = {http://doi.acm.org/10.1145/2702123.2702432},
	doi = {10.1145/2702123.2702432},
	acmid = {2702432},
	publisher = {ACM},
	address = {New York, NY, USA},
	keywords = {aiming, fps games, lag, local latency, targeting},
}

@inproceedings{Pantel:2002:IDR:507670.507674,
	author = {Pantel, Lothar and Wolf, Lars C.},
	title = {On the Impact of Delay on Real-time Multiplayer Games},
	booktitle = {Proceedings of the 12th International Workshop on Network and Operating Systems Support for Digital Audio and Video},
	series = {NOSSDAV '02},
	year = {2002},
	isbn = {1-58113-512-2},
	location = {Miami, Florida, USA},
	pages = {23--29},
	numpages = {7},
	url = {http://doi.acm.org/10.1145/507670.507674},
	doi = {10.1145/507670.507674},
	acmid = {507674},
	publisher = {ACM},
	address = {New York, NY, USA},
	keywords = {delay, multiplayer games, real-time applications, user impact},
}

@inproceedings{Beigbeder:2004:ELL:1016540.1016556,
	author = {Beigbeder, Tom and Coughlan, Rory and Lusher, Corey and Plunkett, John and Agu, Emmanuel and Claypool, Mark},
	title = {The Effects of Loss and Latency on User Performance in Unreal Tournament 2003},
	booktitle = {Proceedings of 3rd ACM SIGCOMM Workshop on Network and System Support for Games},
	series = {NetGames '04},
	year = {2004},
	isbn = {1-58113-942-X},
	location = {Portland, Oregon, USA},
	pages = {144--151},
	numpages = {8},
	url = {http://doi.acm.org/10.1145/1016540.1016556},
	doi = {10.1145/1016540.1016556},
	acmid = {1016556},
	publisher = {ACM},
	address = {New York, NY, USA},
	keywords = {latency, loss, network games},
}

@INPROCEEDINGS{1266180,
	author={Armitage, G.},
	booktitle={Networks, 2003. ICON2003. The 11th IEEE International Conference on},
	title={An experimental estimation of latency sensitivity in multiplayer Quake 3},
	year={2003},
	month={Sept},
	pages={137-141},
	keywords={Internet;computer games;Internet-based game;ball-park indicator;counterstrike;distinct player population;first person shooter game;game servers;multiplayer Quake 3;network placement;online games;server logfiles;Australia;Delay;IP networks;Instruments;Intelligent networks;Internet;Network servers;Technology planning;Web server},
	doi={10.1109/ICON.2003.1266180},
	ISSN={1531-2216},
}

@article{hupontnew,
	title={How Do New Visual Immersive Systems Influence Gaming QoE?},
	author={Hupont, Isabelle and Gracia, Joaqu{\'\i}n and Sanagust{\'\i}n, Luis and Gracia, Miguel Angel},
	year=2015
}

@article{slivarimpact,
	title={The Impact of Video Encoding Parameters and Game Type on QoE for Cloud Gaming: a Case Study using the Steam Platform},
	author={Slivar, Ivan and Suznjevic, Mirko and Skorin-Kapov, Lea},
	year=2015
}

@inproceedings{Ida:2010:QAI:1944796.1944806,
	author = {Ida, Yoshiaki and Ishibashi, Yutaka and Fukushima, Norishige and Sugawara, Shinji},
	title = {QoE Assessment of Interactivity and Fairness in First Person Shooting with Group Synchronization Control},
	booktitle = {Proceedings of the 9th Annual Workshop on Network and Systems Support for Games},
	series = {NetGames '10},
	year = {2010},
	isbn = {978-1-4244-8355-6},
	location = {Taipei, Taiwan},
	pages = {10:1--10:2},
	articleno = {10},
	numpages = {2},
	url = {http://dl.acm.org/citation.cfm?id=1944796.1944806},
	acmid = {1944806},
	publisher = {IEEE Press},
	address = {Piscataway, NJ, USA},
}

@INPROCEEDINGS{beyermethod, 
	author={Beyer, J. and Varbelow, R. and Antons, J.-N. and Zander, S.}, 
	booktitle={Quality of Multimedia Experience (QoMEX), 2015 Seventh International Workshop on}, 
	title={A method for feedback delay measurement using a low-cost Arduino microcontroller: Lesson learned: Delay influenced by video bitrate and game-level}, 
	year={2015}, 
	pages={1-2}, 
	keywords={cloud computing;computer games;data compression;microcontrollers;quality of experience;video coding;cloud gaming QoE;feedback delay measurement;game level;latency measurement;low-cost Arduino microcontroller;low-cost approach;quality of experience;system response;user command;video bitrate;video compression bitrate;Bit rate;Cameras;Delays;Games;Microcontrollers;Usability;Video compression;QoE;cloud gaming;feedback delay}, 
	doi={10.1109/QoMEX.2015.7148095}, 
	month={May},
}

@article{beyer2014typedisplaydelayimpact,
	author={Beyer, Justus and Möller, Sebastian},
	journal={PIK - Praxis der Informationsverarbeitung und Kommunikation},
	title={Assessing the Impact of Game Type, Display Size and Network Delay on Mobile Gaming QoE},
	year={2014},
	month={December},
	volume={37},
	number={4},
	pages={287-295},
	doi={10.1515/pik-2014-0030},
	url={//www.degruyter.com/view/j/piko.2014.37.issue-4/pik-2014-0030/pik-2014-0030.xml}
}

@article{beyerusing,
	title={Using Electroencephalography and Subjective Self-Assessment to Measure the Influence of Quality Variations in Cloud Gaming},
	author={Beyer, Justus and Varbelow, Richard and Antons, Jan-Niklas and M{\"o}ller, Sebastian},
	year=2015
}

@article{mollertowards,
	title={Towards a New {ITU-T} Recommendation for Subjective Methods Evaluating Gaming {QoE}},
	author={M{\"o}ller, Sebastian and Antons, Jan-Niklas and Beyer, Justus and Egger, Sebastian and Castellar, Elena N{\'u}{\~n}ez and Skorin-Kapov, Lea and Su{\v{z}}njevi{\'c}, Mirko},
	year=2015
}

@inproceedings{Cuervo:2015:KHM:2742647.2742657,
	author = {Cuervo, Eduardo and Wolman, Alec and Cox, Landon P. and Lebeck, Kiron and Razeen, Ali and Saroiu, Stefan and Musuvathi, Madanlal},
	title = {Kahawai: High-Quality Mobile Gaming Using GPU Offload},
	booktitle = {Proceedings of the 13th Annual International Conference on Mobile Systems, Applications, and Services},
	series = {MobiSys '15},
	year = {2015},
	isbn = {978-1-4503-3494-5},
	location = {Florence, Italy},
	pages = {121--135},
	numpages = {15},
	url = {http://doi.acm.org/10.1145/2742647.2742657},
	doi = {10.1145/2742647.2742657},
	acmid = {2742657},
	publisher = {ACM},
	address = {New York, NY, USA},
	keywords = {code offload, computer games, gpu, mobile devices},
}

@inproceedings{Lee:2015:OUS:2742647.2742656,
	author = {Lee, Kyungmin and Chu, David and Cuervo, Eduardo and Kopf, Johannes and Degtyarev, Yury and Grizan, Sergey and Wolman, Alec and Flinn, Jason},
	title = {Outatime: Using Speculation to Enable Low-Latency Continuous Interaction for Mobile Cloud Gaming},
	booktitle = {Proceedings of the 13th Annual International Conference on Mobile Systems, Applications, and Services},
	series = {MobiSys '15},
	year = {2015},
	isbn = {978-1-4503-3494-5},
	location = {Florence, Italy},
	pages = {151--165},
	numpages = {15},
	url = {http://doi.acm.org/10.1145/2742647.2742656},
	doi = {10.1145/2742647.2742656},
	acmid = {2742656},
	publisher = {ACM},
	address = {New York, NY, USA},
	keywords = {cloud gaming, network latency, speculation},
}

@INPROCEEDINGS{5506572,
	author={Shaoxuan Wang and Dey, S.},
	booktitle={Wireless Communications and Networking Conference (WCNC), 2010 IEEE},
	title={Addressing Response Time and Video Quality in Remote Server Based Internet Mobile Gaming},
	year={2010},
	month={April},
	pages={1-6},
	keywords={Internet;computer games;mobile radio;optimisation;video servers;HSDPA network;application layer optimization;bandwidth fluctuation;client play-out delay adaptation;downlink gaming video rate adaptation;gaming response time;mobile device;packet loss;remote server based Internet mobile gaming;uplink delay optimization;video quality;wireless network;Bandwidth;Delay;Downlink;Fluctuations;Games;Internet;Network servers;Search engines;Web server;Wireless networks},
	doi={10.1109/WCNC.2010.5506572},
	ISSN={1525-3511},
}

@INPROCEEDINGS{6404025,
	author={Yeng-Ting Lee and Kuan-Ta Chen and Han-I Su and Chin-Laung Lei},
	booktitle={Network and Systems Support for Games (NetGames), 2012 11th Annual Workshop on},
	title={Are all games equally cloud-gaming-friendly? An electromyographic approach},
	year={2012},
	month={Nov},
	pages={1-6},
	keywords={Internet;broadband networks;cloud computing;computer centres;computer games;electromyography;human computer interaction;network computers;quality of experience;rendering (computer graphics);broadband Internet connection;cloud servers;computer game;data centers;electromyographic approach;friendly cloud gaming;game graphics;game real-time strictness;game screen dynamics;hardware requirements;operation cost optimization;player gaming experience;player inputs rate;quality of experience;remote servers;rendering;response latency;thin client;user experience;Computers;Delay;Games;Muscles;Predictive models;Real-time systems;Vectors},
	doi={10.1109/NetGames.2012.6404025},
	ISSN={2156-8138},
}

@INPROCEEDINGS{6614351,
	author={Clincy, V. and Wilgor, B.},
	booktitle={Information Technology: New Generations (ITNG), 2013 Tenth International Conference on},
	title={Subjective Evaluation of Latency and Packet Loss in a Cloud-Based Game},
	year={2013},
	month={April},
	pages={473-476},
	keywords={cloud computing;computer games;media streaming;quality of experience;QoE;cloud-based game;cloud-based on-demand video game service;delay variation;latency;movies streaming;multimedia system streaming;music streaming;negative network effects;on-demand multimedia services;packet loss;subjective evaluation;subjective impact;television streaming;transient network effects;user quality of experience;video games streaming;Cloud computing;Delays;Games;Indexes;Packet loss;Cloud Gaming;Latency;Performance;QoE},
	doi={10.1109/ITNG.2013.79},
}

@ARTICLE{6413270,
	author={Shaoxuan Wang and Dey, S.},
	journal={Multimedia, IEEE Transactions on},
	title={Adaptive Mobile Cloud Computing to Enable Rich Mobile Multimedia Applications},
	year={2013},
	month={June},
	volume={15},
	number={4},
	pages={870-883},
	keywords={cloud computing;mobile computing;multimedia computing;Internet;adaptive mobile computing;cloud mobile media applications;mobile applications;mobile connectivity;mobile devices;rich mobile multimedia applications;rich multimedia applications;smartphones;ubiquitous multimedia applications;wireline networks;Cloud computing;Coordinate measuring machines;Media;Mobile communication;Mobile handsets;Rendering (computer graphics);Streaming media;Cloud Computing;Cloud Gaming;Mobile Computing;Multimedia Applications},
	doi={10.1109/TMM.2013.2240674},
	ISSN={1520-9210},
}

@ARTICLE{6853364,
	author={Hua-Jun Hong and De-Yu Chen and Chun-Ying Huang and Kuan-Ta Chen and Cheng-Hsin Hsu},
	journal={Cloud Computing, IEEE Transactions on},
	title={Placing Virtual Machines to Optimize Cloud Gaming Experience},
	year={2015},
	month={Jan},
	volume={3},
	number={1},
	pages={42-53},
	keywords={cloud computing;computer games;optimisation;quality of experience;virtual machines;QoE;close-to-optimal solutions;closed cloud gaming services;cloud gaming experience optimization;cloud gaming provider total-profit maximization;cloud gaming providers;exponential running time;gamer quality-of-experience;heuristic algorithm;off-the-shelf virtualization software;performance models;provider net profit;trace-driven simulations;virtual machines;Cloud computing;Data models;Delays;Games;Graphics processing units;Heuristic algorithms;Servers;Cloud gaming;live video streaming;performance evaluation;performance optimization;real-time encoding;remote rendering},
	doi={10.1109/TCC.2014.2338295},
	ISSN={2168-7161},
}

@article{claypool2007,
	year={2007},
	issn={0942-4962},
	journal={Multimedia Systems},
	volume={13},
	number={1},
	doi={10.1007/s00530-007-0081-1},
	title={On frame rate and player performance in first person shooter games},
	url={http://dx.doi.org/10.1007/s00530-007-0081-1},
	publisher={Springer-Verlag},
	author={Claypool, KajalT. and Claypool, Mark},
	pages={3-17},
	language={English}
}


@ARTICLE{6574660,
	author={Shea, R. and Jiangchuan Liu and Ngai, E.C.-H. and Yong Cui},
	journal={Network, IEEE},
	title={Cloud gaming: architecture and performance},
	year={2013},
	month={July},
	volume={27},
	number={4},
	pages={16-21},
	keywords={cloud computing;computer games;image sequences;interactive video;rendering (computer graphics);video streaming;Internet;cloud gaming;cloud technology;interaction latency;remote interactive gaming application rendering;scene;user base;video sequence;video streaming quality;Cloud computing;Database systems;Games;Image quality;PSNR;Rendering (computer graphics);Streaming media},
	doi={10.1109/MNET.2013.6574660},
	ISSN={0890-8044},
}

@article{Claypool:2006:LPA:1167838.1167860,
	author = {Claypool, Mark and Claypool, Kajal},
	title = {Latency and Player Actions in Online Games},
	journal = {Commun. ACM},
	issue_date = {November 2006},
	volume = {49},
	number = {11},
	month = nov,
	year = {2006},
	issn = {0001-0782},
	pages = {40--45},
	numpages = {6},
	url = {http://doi.acm.org/10.1145/1167838.1167860},
	doi = {10.1145/1167838.1167860},
	acmid = {1167860},
	publisher = {ACM},
	address = {New York, NY, USA},
}

@article{Chen:2006:SOG:1167838.1167859,
	author = {Chen, Kuan-Ta and Huang, Polly and Lei, Chin-Laung},
	title = {How Sensitive Are Online Gamers to Network Quality?},
	journal = {Commun. ACM},
	issue_date = {November 2006},
	volume = {49},
	number = {11},
	month = nov,
	year = {2006},
	issn = {0001-0782},
	pages = {34--38},
	numpages = {5},
	url = {http://doi.acm.org/10.1145/1167838.1167859},
	doi = {10.1145/1167838.1167859},
	acmid = {1167859},
	publisher = {ACM},
	address = {New York, NY, USA},
}

@article{doi:10.1108/02640470210424455,
	author = {Jianxin Jeff Yan and Hyun‐Jin Choi},
	title = {Security issues in online games},
	journal = {The Electronic Library},
	volume = {20},
	number = {2},
	pages = {125-133},
	year = {2002},
	doi = {10.1108/02640470210424455},
}

@inproceedings{Bredel:2010:MSR:1944796.1944797,
	author = {Bredel, Michael and Fidler, Markus},
	title = {A Measurement Study Regarding Quality of Service and Its Impact on Multiplayer Online Games},
	booktitle = {Proceedings of the 9th Annual Workshop on Network and Systems Support for Games},
	series = {NetGames '10},
	year = {2010},
	isbn = {978-1-4244-8355-6},
	location = {Taipei, Taiwan},
	pages = {1:1--1:6},
	articleno = {1},
	numpages = {6},
	url = {http://dl.acm.org/citation.cfm?id=1944796.1944797},
	acmid = {1944797},
	publisher = {IEEE Press},
	address = {Piscataway, NJ, USA},
}

@INPROCEEDINGS{4604397,
	author={Ries, M. and Svoboda, P. and Rupp, M.},
	booktitle={Systems, Signals and Image Processing, 2008. IWSSIP 2008. 15th International Conference on},
	title={Empirical study of subjective quality for Massive Multiplayer Games},
	year={2008},
	month={June},
	pages={181-184},
	keywords={computer games;delays;interactive systems;jitter;multimedia computing;quality of service;real-time systems;Half-life;War-craft;delay;jitter;massive multiplayer games;network impairments;online gaming;quality of service;real time interactive multimedia services;subjective quality evaluation;Application software;Communications technology;Delay;Jitter;Land mobile radio cellular systems;Performance analysis;Quality of service;Radio frequency;Testing;Web and internet services;MMOG;QoS;online gaming;quality metric},
	doi={10.1109/IWSSIP.2008.4604397},
}

@ARTICLE{4591393,
	author={Kuan-Ta Chen and Polly Huang and Chin-Laung Lei},
	journal={Parallel and Distributed Systems, IEEE Transactions on},
	title={Effect of Network Quality on Player Departure Behavior in Online Games},
	year={2009},
	month={May},
	volume={20},
	number={5},
	pages={593-606},
	keywords={Internet;computer games;delays;ShenZhou Online;client packet loss;commercial massively multiplayer online role-playing game;delay jitter;network delay;network game designers;network impairment;network loss;network quality;online games;player departure behavior;player satisfaction;Departure analysis;Internet Measurement;Internet measurement;MMOG;MMORPG;Quality of Service;User Behavior;logistic regression;quality of service;user behavior.},
	doi={10.1109/TPDS.2008.148},
	ISSN={1045-9219},
}

@ARTICLE{6670099,
	author={Kuan-Ta Chen and Yu-chun Chang and Hwai-Jung Hsu and De-Yu Chen and Chun-Ying Huang and Cheng-Hsin Hsu},
	journal={Multimedia, IEEE Transactions on},
	title={On the Quality of Service of Cloud Gaming Systems},
	year={2014},
	month={Feb},
	volume={16},
	number={2},
	pages={480-495},
	keywords={cloud computing;computer games;network computers;network servers;quality of service;rendering (computer graphics);video streaming;OnLive;QoS;StreamMyGame;adaptable frame rates;cloud gaming system;graphic quality;internal mechanisms;measurement techniques;network bandwidth;real-time game playing;server processing delays;thin clients;user-perceived quality of service;Computers;Delays;Games;Graphics;Measurement techniques;Quality of service;Servers;Cloud gaming;live video streaming;measurement;performance evaluation;remote rendering},
	doi={10.1109/TMM.2013.2291532},
	ISSN={1520-9210},
}

@INPROCEEDINGS{5976180,
	author={Jarschel, M. and Schlosser, D. and Scheuring, S. and Hossfeld, T.},
	booktitle={Innovative Mobile and Internet Services in Ubiquitous Computing (IMIS), 2011 Fifth International Conference on},
	title={An Evaluation of {QoE} in Cloud Gaming Based on Subjective Tests},
	year={2011},
	month={June},
	pages={330-335},
	keywords={cloud computing;computer games;QoE;broadband Internet connection;cloud computing;cloud gaming;data center;gaming hardware;high definition video;key influence factors;online gaming;quality of experience;retail chain;service quality;Delay;Games;Hardware;Quality of service;Servers;Software;Streaming media;Cloud Gaming;QoE;Survey},
	doi={10.1109/IMIS.2011.92},
}

@inproceedings{Chen:2011:MLC:2072298.2071991,
	author = {Chen, Kuan-Ta and Chang, Yu-Chun and Tseng, Po-Han and Huang, Chun-Ying and Lei, Chin-Laung},
	title = {Measuring the Latency of Cloud Gaming Systems},
	booktitle = {Proceedings of the 19th ACM International Conference on Multimedia},
	series = {MM '11},
	year = {2011},
	isbn = {978-1-4503-0616-4},
	location = {Scottsdale, Arizona, USA},
	pages = {1269--1272},
	numpages = {4},
	url = {http://doi.acm.org/10.1145/2072298.2071991},
	doi = {10.1145/2072298.2071991},
	acmid = {2071991},
	publisher = {ACM},
	address = {New York, NY, USA},
	keywords = {cloud computing, cloud rendering, games-on-demand, onlive, quality of service, thin client},
} 

@inproceedings{Choy:2012:BSC:2501560.2501563,
	author = {Choy, Sharon and Wong, Bernard and Simon, Gwendal and Rosenberg, Catherine},
	title = {The Brewing Storm in Cloud Gaming: A Measurement Study on Cloud to End-user Latency},
	booktitle = {Proceedings of the 11th Annual Workshop on Network and Systems Support for Games},
	series = {NetGames '12},
	year = {2012},
	isbn = {978-1-4673-4578-1},
	location = {Venice, Italy},
	pages = {2:1--2:6},
	articleno = {2},
	numpages = {6},
	url = {http://dl.acm.org/citation.cfm?id=2501560.2501563},
	acmid = {2501563},
	publisher = {IEEE Press},
	address = {Piscataway, NJ, USA},
} 

@phdthesis{wertheimer1912experimentelle,
  title={{{Experimentelle Studien über das Sehen von Bewegung}}},
  author={Wertheimer, Max},
  year={1912}
}

@phdthesis{cs4376,
	month = {April},
	title = {Evaluating Reliable Streaming in Mobile Networks},
	author = {Florian Metzger},
	year = {2015},
	url = {http://eprints.cs.univie.ac.at/4376/},
}

@article{Hossfeld2014optimum,
	title = "Close to Optimum?",
	journal = "PIK - Praxis der Informationsverarbeitung und Kommunikation",
	volume = "37",
	number = "4",
	pages = "275-285",
	year = "2014",
	doi = "http://dx.doi.org/10.1515/pik-2014-0029",
	url = "http://www.degruyter.com/view/j/piko.2014.37.issue-4/pik-2014-0029/pik-2014-0029.xml",
	author = "Hoßfeld, Tobias and Seufert, Michael and Sieber, Christian and Zinner, Thomas and Tran-Gia, Phuoc",

}

@INPROCEEDINGS{6573184,
	author={Sieber, C. and Hossfeld, T. and Zinner, T. and Tran-Gia, P. and Timmerer, C.},
	booktitle={Integrated Network Management (IM 2013), 2013 IFIP/IEEE International Symposium on},
	title={Implementation and user-centric comparison of a novel adaptation logic for DASH with SVC},
	year={2013},
	month={May},
	pages={1318-1323},
	keywords={Internet;mobile radio;quality of experience;transport protocols;video coding;video streaming;DASH-SVC streaming algorithm;HTTP protocol;Internet;MPEG-DASH standard;QoE management;adaptation logic;client-centric access;content distribution infrastructure;dynamic adaptive streaming over HTTP;empty playback buffers;low switching frequency;network distribution infrastructure;quality of experience;realistic mobile network scenario;scalable video coding;single layer codecs;streaming behavior;user-centric comparison;video content representation;video playback;video quality;video streaming;Algorithm design and analysis;Bandwidth;Conferences;Delays;Static VAr compensators;Streaming media;Switches},
}

@article{Hossfeld2015,
	title = "Identifying QoE optimal adaptation of \{HTTP\} adaptive streaming based on subjective studies",
	journal = "Computer Networks",
	year = "2015",
	note = "",
	doi = "http://dx.doi.org/10.1016/j.comnet.2015.02.015",
	url = "http://www.sciencedirect.com/science/article/pii/S1389128615000626",
	author = "Tobias Hoßfeld and Michael Seufert and Christian Sieber and Thomas Zinner and Phuoc Tran-Gia",
	keywords = "\{HTTP\} Adaptive Streaming (HAS)",
	keywords = "Quality of Experience (QoE)",
	keywords = "Mixed Integer Linear Programming (MILP) formulation",
	keywords = "Initial delay",
	keywords = "Quality switches",
	keywords = "Adaptation logic benchmarking "
}

@ARTICLE{5710601,
	author={Chikkerur, S. and Sundaram, V. and Reisslein, M. and Karam, L.J.},
	journal={Broadcasting, IEEE Transactions on},
	title={Objective Video Quality Assessment Methods: A Classification, Review, and Performance Comparison},
	year={2011},
	month={June},
	volume={57},
	number={2},
	pages={165-182},
	keywords={computational complexity;frequency-domain analysis;high definition video;image classification;image motion analysis;image resolution;spatiotemporal phenomena;video signal processing;visual databases;visual perception;LIVE video quality database;MS-SSIM;VQM;computational complexity;full-reference media-layer objective video quality assessment method;high definition video;motion-based video integrity evaluation;multiscale-structural similarity index;natural visual characteristics subclassification;natural visual feature;natural visual statistics;perceptual characteristics;perceptual spatiotemporal frequency-domain method;pixel-domain method;reduced-reference media-layer objective video quality assessment method;video classification;video quality metric;video resolution;Computational modeling;Measurement;Predictive models;Quality assessment;Streaming media;Video sequences;Visualization;Full-reference metric;objective video quality;perceptual video quality;reduced-reference metric},
	doi={10.1109/TBC.2011.2104671},
	ISSN={0018-9316},
}

@ARTICLE{6913491,
	author={Seufert, M. and Egger, S. and Slanina, M. and Zinner, T. and Hobfeld, T. and Tran-Gia, P.},
	journal={Communications Surveys Tutorials, IEEE},
	title={A Survey on Quality of Experience of HTTP Adaptive Streaming},
	year={2015},
	volume={17},
	number={1},
	pages={469-492},
	keywords={Adaptive systems;Bit rate;Delays;Media;Quality of service;Servers;Streaming media;HTTP adaptive streaming;Quality of Experience;dynamic streaming;quality of experience;variable video quality},
	doi={10.1109/COMST.2014.2360940},
	ISSN={1553-877X},
}

@INPROCEEDINGS{metzger2011delivery,
	author={Metzger, F. and Rafetseder, A. and Stezenbach, D. and Tutschku, K.},
	booktitle={FITCE Congress (FITCE), 2011 50th},
	title={Analysis of web-based video delivery},
	year={2011},
	pages={1-6},
	doi={10.1109/FITCE.2011.6133425},
}

@article{gettys2011bufferbloat,
	title={Bufferbloat: Dark buffers in the internet},
	author={Gettys, Jim and Nichols, Kathleen},
	journal={Queue},
	volume={9},
	number={11},
	pages={40},
	year={2011},
	publisher={ACM}
}

@article{metzger2014jcnc,
	title={{Exploratory Analysis of a GGSN’s PDP Context Signaling Load}},
	author={Metzger, F. and Rafetseder, A. and Romirer-Maierhofer, P. and Tutschku, K.},
	journal={Journal of Computer Networks and Communications},
	year=2014,
	month={February},
	publisher={Hindawi Publishing Corporation},
	vol=2014,
	doi = {doi:10.1155/2014/526231},
	url={http://www.hindawi.com/journals/jcnc/2014/526231/},
}

@inproceedings{metzger2014lossmodel,
	title = {GTP-based Load Model and Virtualization Gain for a Mobile Network's GGSN},
	author = {Metzger, F. and Schwartz, C. and Hoßfeld, T.},
	booktitle={Communications and Electronics (ICCE), 2014 IEEE Fifth International Conference on},
	year={2014},
	month={July},
	pages={206-211},
	doi={10.1109/CCE.2014.6916704},
}

@incollection{hossfeld2013youtubeqoe,
	year={2013},
	isbn={978-3-642-36783-0},
	booktitle={Data Traffic Monitoring and Analysis},
	volume={7754},
	series={Lecture Notes in Computer Science},
	editor={Biersack, Ernst and Callegari, Christian and Matijasevic, Maja},
	doi={10.1007/978-3-642-36784-7_11},
	title={Internet Video Delivery in YouTube: From Traffic Measurements to Quality of Experience},
	url={http://dx.doi.org/10.1007/978-3-642-36784-7_11},
	publisher={Springer Berlin Heidelberg},
	author={Hoßfeld, Tobias and Schatz, Raimund and Biersack, Ernst and Plissonneau, Louis},
	pages={264-301},
	language={English}
}

@INPROCEEDINGS{6229739,
	author={Metzger, F.	 and Rafetseder, A. and Tutschku, K.},
	booktitle={Packet Video Workshop (PV), 2012 19th International},
	title={A performance evaluation framework for video streaming},
	year={2012},
	pages={19-24},
	doi={10.1109/PV.2012.6229739},
}

@article{mehlfuhrer2011vienna,
	year={2011},
	journal={EURASIP Journal on Advances in Signal Processing},
	eid={29},
	volume={2011},
	number={1},
	doi={10.1186/1687-6180-2011-29},
	title={The Vienna LTE simulators - Enabling reproducibility in wireless communications research},
	url={http://dx.doi.org/10.1186/1687-6180-2011-29},
	publisher={Springer International Publishing AG},
	author={Mehlführer, Christian and Colom Colom Ikuno, Josep and Šimko, Michal and Schwarz, Stefan and Wrulich, Martin and Rupp, Markus}
}

@inproceedings{Muller:2012:EDA:2151677.2151686,
	author = {Müller, C. and Lederer, S. and Timmerer, C.},
	title = {An evaluation of dynamic adaptive streaming over HTTP in vehicular environments},
	booktitle = {Proceedings of the 4th Workshop on Mobile Video},
	series = {MoVid '12},
	year = {2012},
	isbn = {978-1-4503-1166-3},
	location = {Chapel Hill, North Carolina},
	pages = {37--42},
	numpages = {6},
	url = {http://doi.acm.org/10.1145/2151677.2151686},
	doi = {10.1145/2151677.2151686},
	acmid = {2151686},
	publisher = {ACM},
	address = {New York, NY, USA},
}

@ARTICLE{5634134,
	author={Piro, G. and Grieco, L.A. and Boggia, G. and Capozzi, F. and Camarda, P.},
	journal={Vehicular Technology, IEEE Transactions on},
	title={{Simulating LTE Cellular Systems: An Open-Source Framework}},
	year={2011},
	month={February},
	volume={60},
	number={2},
	pages={498 -513},
}

@inproceedings{Baldo:2013:OSM:2507924.2507940,
	author = {Baldo, Nicola and Requena-Esteso, Manuel and Miozzo, Marco and Kwan, Raymond},
	title = {An Open Source Model for the Simulation of LTE Handover Scenarios and Algorithms in Ns-3},
	booktitle = {Proceedings of the 16th ACM International Conference on Modeling, Analysis \&\#38; Simulation of Wireless and Mobile Systems},
	series = {MSWiM '13},
	year = {2013},
	isbn = {978-1-4503-2353-6},
	location = {Barcelona, Spain},
	pages = {289--298},
	numpages = {10},
	url = {http://doi.acm.org/10.1145/2507924.2507940},
	doi = {10.1145/2507924.2507940},
	acmid = {2507940},
	publisher = {ACM},
	address = {New York, NY, USA},
}

@article{vranjevs2011use,
	title={The use of NS-2 simulator in studying UMTS performances},
	author={Vranje{\v{s}}, Mario and {\v{S}}vedek, Tomislav and Rimac-Drlje, Snje{\v{z}}ana},
	journal={International Journal of Electrical and Computer Engineering Systems},
	volume={1},
	number={2},
	pages={63--71},
	year={2011}
}

@article{di2010new,
  title={New method to measure end-to-end delay of virtual reality},
  author={Di Luca, Massimiliano},
  journal={Presence},
  volume={19},
  number={6},
  pages={569--584},
  year={2010},
  publisher={MIT Press}
}

% BibTeX from http://dl.acm.org/citation.cfm?doid=198425.198426
@article{Ware:1994:ROV:198425.198426,
 author = {Ware, Colin and Balakrishnan, Ravin},
 title = {Reaching for Objects in VR Displays: Lag and Frame Rate},
 journal = {ACM Trans. Comput.-Hum. Interact.},
 issue_date = {Dec. 1994},
 volume = {1},
 number = {4},
 month = dec,
 year = {1994},
 issn = {1073-0516},
 pages = {331--356},
 numpages = {26},
 url = {http://doi.acm.org/10.1145/198425.198426},
 doi = {10.1145/198425.198426},
 acmid = {198426},
 publisher = {ACM},
 address = {New York, NY, USA},
 keywords = {Fitts' Law, Haptics, virtual reality},
} 

@misc{onlinegame-lag-sim-repo,
 title = {A Free, Open-Source Lag Simulation For Online Games},
 howpublished = {\url{https://github.com/mas-ude/onlinegame-lag-sim/}},
} 
